%YAML 1.1
%TAG !u! tag:unity3d.com,2011:
--- !u!1001 &100100000
Prefab:
  m_ObjectHideFlags: 1
  serializedVersion: 2
  m_Modification:
    m_TransformParent: {fileID: 0}
    m_Modifications: []
    m_RemovedComponents: []
  m_SourcePrefab: {fileID: 0}
  m_RootGameObject: {fileID: 1392967666922024}
  m_IsPrefabAsset: 1
--- !u!1 &1392967666922024
GameObject:
  m_ObjectHideFlags: 0
  m_CorrespondingSourceObject: {fileID: 0}
  m_PrefabInternal: {fileID: 100100000}
  serializedVersion: 6
  m_Component:
  - component: {fileID: 4287662727443372}
  - component: {fileID: 81550077693444816}
  - component: {fileID: 114877609137392250}
  - component: {fileID: 114290682477473886}
  - component: {fileID: 114946309334862114}
  - component: {fileID: 114254820167031484}
  m_Layer: 0
  m_Name: GameController
  m_TagString: GameController
  m_Icon: {fileID: 0}
  m_NavMeshLayer: 0
  m_StaticEditorFlags: 0
  m_IsActive: 1
--- !u!4 &4287662727443372
Transform:
  m_ObjectHideFlags: 1
  m_CorrespondingSourceObject: {fileID: 0}
  m_PrefabInternal: {fileID: 100100000}
  m_GameObject: {fileID: 1392967666922024}
  m_LocalRotation: {x: 0, y: 0, z: 0, w: 1}
  m_LocalPosition: {x: -54.83999, y: 33.718536, z: 124.56842}
  m_LocalScale: {x: 1, y: 1, z: 1}
  m_Children: []
  m_Father: {fileID: 0}
  m_RootOrder: 0
  m_LocalEulerAnglesHint: {x: 0, y: 0, z: 0}
--- !u!81 &81550077693444816
AudioListener:
  m_ObjectHideFlags: 1
  m_CorrespondingSourceObject: {fileID: 0}
  m_PrefabInternal: {fileID: 100100000}
  m_GameObject: {fileID: 1392967666922024}
  m_Enabled: 1
--- !u!114 &114254820167031484
MonoBehaviour:
  m_ObjectHideFlags: 1
  m_CorrespondingSourceObject: {fileID: 0}
  m_PrefabInternal: {fileID: 100100000}
  m_GameObject: {fileID: 1392967666922024}
  m_Enabled: 1
  m_EditorHideFlags: 0
  m_Script: {fileID: 11500000, guid: 949e58b5f99e7b047b80eac2787cbce9, type: 3}
  m_Name: 
  m_EditorClassIdentifier: 
  coins: 0
  gems: 0
  windKey: 0
  earthKey: 0
  level: 0
  levelName: 
--- !u!114 &114290682477473886
MonoBehaviour:
  m_ObjectHideFlags: 1
  m_CorrespondingSourceObject: {fileID: 0}
  m_PrefabInternal: {fileID: 100100000}
  m_GameObject: {fileID: 1392967666922024}
  m_Enabled: 0
  m_EditorHideFlags: 0
  m_Script: {fileID: 11500000, guid: 9a337c19d245fab4aac04fa17afe8347, type: 3}
  m_Name: 
  m_EditorClassIdentifier: 
  waves:
  - name: Wave 1
    enemy: {fileID: 1875711824294424, guid: 52cbae11bba2c7d46867d7087ddf99be, type: 2}
    count: 3
    rate: 1
  spawnPoints: []
  timeBetweenWaves: 5
  reward: {fileID: 1018388410070374, guid: 384980f4b0035ea4cade25b6407f3e5f, type: 2}
--- !u!114 &114877609137392250
MonoBehaviour:
  m_ObjectHideFlags: 1
  m_CorrespondingSourceObject: {fileID: 0}
  m_PrefabInternal: {fileID: 100100000}
  m_GameObject: {fileID: 1392967666922024}
  m_Enabled: 1
  m_EditorHideFlags: 0
  m_Script: {fileID: 11500000, guid: 3b2b138ffd847bd4582d350a71c7bbdc, type: 3}
  m_Name: 
  m_EditorClassIdentifier: 
  hitPointImages:
  - {fileID: 0}
  - {fileID: 0}
  - {fileID: 0}
  earthPowerImages:
  - {fileID: 0}
  - {fileID: 0}
  - {fileID: 0}
  airPowerImages:
  - {fileID: 0}
  - {fileID: 0}
  - {fileID: 0}
  thePlayer: {fileID: 0}
  playerLives: {fileID: 0}
  essenceDrops: {fileID: 0}
--- !u!114 &114946309334862114
MonoBehaviour:
  m_ObjectHideFlags: 1
  m_CorrespondingSourceObject: {fileID: 0}
  m_PrefabInternal: {fileID: 100100000}
  m_GameObject: {fileID: 1392967666922024}
  m_Enabled: 1
  m_EditorHideFlags: 0
  m_Script: {fileID: 11500000, guid: 24355c1d0d752b84bba589b53c1e48ad, type: 3}
  m_Name: 
  m_EditorClassIdentifier: 
  isPaused: 0
  menu: {fileID: 0}
  myCamera: {fileID: 0}
